@book{bishop_mechatronics_2002,
	title={The Mechatronics Handbook, -2 Volume Set},
	author={Bishop, Robert H},
	year={2002},
	publisher={CRC press}
}
@book{yang_swarm_2013,
	title = {Swarm Intelligence and Bio-Inspired Computation: Theory and Applications},
	publisher = {Newnes},
	author = {Yang, Xin-She and Cui, Zhihua and Xiao, Renbin and Gandomi, Amir Hossein and Karamanoglu, Mehmet},
	year = {2013}
}
@book{silva_mechatronics:_2010,
	title={Mechatronics: a foundation course},
	author={De Silva, Clarence W},
	year={2010},
	publisher={CRC press}
}

@book{shetty_mechatronics_2010,
	title={Mechatronics system design, SI version},
	author={Shetty, Devdas and Kolk, Richard A},
	year={2010},
	publisher={Cengage Learning}
}
@book{silva_mechatronic_2007,
	title={Mechatronic systems: devices, design, control, operation and monitoring},
	author={De Silva, Clarence W},
	year={2007},
	publisher={CRC Press}
}
@inproceedings{mezura-montes_dynamic_2015,
	title={Dynamic parameter control in differential evolution with combined variants to optimize a three-finger end effector},
	author={Mezura-Montes, Efr{\'e}n and Portilla-Flores, Edgar-Alfredo and Capistran-Gumersindo, Edith},
	booktitle={Power, Electronics and Computing (ROPEC), 2015 IEEE International Autumn Meeting on},
	pages={1--6},
	year={2015},
	organization={IEEE}
}
@article{portilla-flores_integration_2007,
	title={Integration of structure and control using an evolutionary approach: An application to the optimal concurrent design of a CVT},
	author={Portilla-Flores, Edgar A and Mezura-Montes, Efr{\'e}n and {\'A}lvarez-Gallegos, Jaime and Coello-Coello, Carlos A and Cruz-Villar, Carlos A},
	journal={International Journal for Numerical Methods in Engineering},
	volume={71},
	number={8},
	pages={883--901},
	year={2007},
	publisher={Wiley Online Library}
}
@inproceedings{villarreal-cervantes_control_2013,
	title={Control adaptable basado en evolucion diferencial para un motor de CD},
	author={Villarreal-Cervantes, Miguel G and Mezura-Montes, Efr{\'e}n},
	organization={Congreso Nacional de Control Autom{\'a}tico, AMCA},
	year={2013}
}


@thesis{hernandez_ocana_diseno_2011,
  location = {{Xalapa, Vercacruz}},
  title = {Diseño {{Mecatrónico}} Usando Optimización Basada En Bacterias},
  url = {http://www.lania.mx/~emezura/util/files/tesis_Betania.pdf},
  timestamp = {2016-10-19T05:36:14Z},
  institution = {{Laboratorio Nacional de Informática Aplicada}},
  type = {Tesis de {{Maestría}} En {{Computación Aplicada}}},
  author = {Hernández Ocaña, Betania},
  urldate = {2016-10-19},
  year = {2011},
  file = {tesis_Betania.pdf:C\:\\Users\\ROY\\AppData\\Roaming\\Zotero\\Zotero\\Profiles\\yfsi3pzf.default\\zotero\\storage\\3UBUMPXX\\tesis_Betania.pdf:application/pdf}
}

@article{mezura-montes_optimum_2014,
	title={Optimum synthesis of a four-bar mechanism using the modified bacterial foraging algorithm},
	author={Mezura-Montes, Efr{\'e}n and Portilla-Flores, Edgar A and Hern{\'a}ndez-Oca{\~n}a, Betania},
	journal={International Journal of Systems Science},
	volume={45},
	number={5},
	pages={1080--1100},
	year={2014},
	publisher={Taylor \& Francis}
}
@inproceedings{dominguez-isidro_memetic_2013,
	title={Memetic differential evolution for constrained numerical optimization problems},
	author={Dom{\'\i}nguez-Isidro, Sa{\'u}l and Mezura-Montes, Efr{\'e}n and Leguizam{\'o}n, Guillermo},
	booktitle={Evolutionary Computation (CEC), 2013 IEEE Congress on},
	pages={2996--3003},
	year={2013},
	organization={IEEE}
}

@article{moscato_evolution_1989,
	title={On evolution, search, optimization, genetic algorithms and martial arts: Towards memetic algorithms},
	author={Moscato, Pablo and others},
	journal={Caltech concurrent computation program, C3P Report},
	volume={826},
	pages={1989},
	year={1989}
}	

@book{miettinen_nonlinear_1999,
	title={Nonlinear multiobjective optimization},
	author={Miettinen, Kaisa},
	volume={12},
	year={2012},
	publisher={Springer Science \& Business Media}
}

@book{wang_mechatronics_2013,
	title={Mechatronics and Automatic Control Systems: Proceedings of the 2013 International Conference on Mechatronics and Automatic Control Systems (ICMS2013)},
	author={Wang, Wego},
	volume={237},
	year={2013},
	publisher={Springer Science \& Business Media}
}


@article{shi2017advanced,
	title={Advanced control in marine mechatronic systems: A survey},
	author={Shi, Yang and Shen, Chao and Fang, Huazhen and Li, Huiping},
	journal={IEEE/ASME Transactions on Mechatronics},
	volume={22},
	number={3},
	pages={1121--1131},
	year={2017},
	publisher={IEEE}
}

@article{munaro2014fast,
	title={Fast RGB-D people tracking for service robots},
	author={Munaro, Matteo and Menegatti, Emanuele},
	journal={Autonomous Robots},
	volume={37},
	number={3},
	pages={227--242},
	year={2014},
	publisher={Springer}
}
@inproceedings{jiang2015novel,
	title={A Novel Continuous Learning and Collaborative Decision Making Mechanism for Real-Time Cooperation of Humanoid Service Robots},
	author={Jiang, Ming and Zhang, Li},
	booktitle={Computer and Information Technology; Ubiquitous Computing and Communications; Dependable, Autonomic and Secure Computing; Pervasive Intelligence and Computing (CIT/IUCC/DASC/PICOM), 2015 IEEE International Conference on},
	pages={221--225},
	year={2015},
	organization={IEEE}
}
@article{burgner2015continuum,
	title={Continuum robots for medical applications: A survey},
	author={Burgner-Kahrs, Jessica and Rucker, D Caleb and Choset, Howie},
	journal={IEEE Transactions on Robotics},
	volume={31},
	number={6},
	pages={1261--1280},
	year={2015},
	publisher={IEEE}
}

@article{frazzoli_real-time_2002,
	title={Real-time motion planning for agile autonomous vehicles},
	author={Frazzoli, Emilio and Dahleh, Munther A and Feron, Eric},
	journal={Journal of guidance, control, and dynamics},
	volume={25},
	number={1},
	pages={116--129},
	year={2002}
}

@article{liu_real-time_2004,
	title={Real-time grasping-force optimization for multifingered manipulation: theory and experiments},
	author={Liu, Guanfeng and Li, Zexiang},
	journal={IEEE/ASME transactions on Mechatronics},
	volume={9},
	number={1},
	pages={65--77},
	year={2004},
	publisher={IEEE}
}
@article{ahat2013smart,
	title={Smart grid and optimization},
	author={Ahat, Murat and Amor, Soufian Ben and Bui, Marc and Bui, Alain and Gu{\'e}rard, Guillaume and Petermann, Coralie},
	journal={American Journal of Operations Research},
	volume={3},
	number={01},
	pages={196},
	year={2013},
	publisher={Scientific Research Publishing}
}

@inproceedings{mortaji2016smart,
	title={Smart grid demand response management using internet of things for load shedding and smart-direct load control},
	author={Mortaji, Hamed and Hock, Ow Siew and Moghavvemi, Mahmoud and Almurib, Haider AF},
	booktitle={Industry Applications Society Annual Meeting, 2016 IEEE},
	pages={1--7},
	year={2016},
	organization={IEEE}
}

@inproceedings{kumar2017smart,
	title={What is a smart grid?},
	author={Kumar, A},
	booktitle={2017 American Association of Geographers Annual Meeting (AAG 2017), April 5-9, 2017, Boston, Mass., USA},
	year={2017}
}
@book{luenberger_linear_2015,
	title={Linear and nonlinear programming},
	author={Luenberger, David G and Ye, Yinyu and others},
	volume={2},
	year={1984},
	publisher={Springer}
}

@article{herne1_two_swim_2016,
	title={Two-swim operators in the modified bacterial foraging algorithm for the optimal synthesis of four-bar mechanisms},
	author={Hern{\'a}ndez-Oca{\~n}a, Betania and Pozos-Parra, Ma Del Pilar and Mezura-Montes, Efr{\'e}n and Portilla-Flores, Edgar Alfredo and Vega-Alvarado, Eduardo and Calva-Y{\'a}{\~n}ez, Maria B{\'a}rbara},
	journal={Computational intelligence and neuroscience},
	volume={2016},
	pages={17},
	year={2016},
	publisher={Hindawi Publishing Corp.}
}

@book{ferrante_handbook_2012,
	title={Handbook of memetic algorithms},
	author={Neri, Ferrante and Cotta, Carlos and Moscato, Pablo},
	volume={379},
	year={2012},
	publisher={Springer}
}

@book{fritzson_basic_2011,
	title={Introduction to modeling and simulation of technical and physical systems with Modelica},
	author={Fritzson, Peter},
	year={2011},
	publisher={John Wiley \& Sons}
}



@article{portilla-flores_dynamic_nodate,
	title={Dynamic approach to optimum synthesis of a four-bar mechanism using a swarm intelligence algorithm},
	author={Portilla-Flores, Edgar A and Calva-Y{\'a}{\~n}ez, Maria B and Villarreal-Cervantes, Miguel G and Su{\'a}rez, Paola A Nino and Sep{\'u}lveda-Cervantes, Gabriel},
	journal={Kybernetika},
	volume={50},
	number={5},
	pages={786--803},
	year={2014},
	publisher={Institute of Information Theory and Automation AS CR}
}
@article{calva-yanez_differential_2013,
	title={Differential evolution for the control gain's optimal tuning of a four-bar mechanism},
	author={Calva-Y{\'a}{\~n}ez, Mar{\'\i}a B{\'a}rbara and Ni{\~n}o-Su{\'a}rez, Paola Andrea and Villarreal-Cervantes, Miguel Gabriel and Sep{\'u}lveda-Cervantes, Gabriel and Portilla-Flores, Edgar Alfredo},
	journal={Polibits},
	number={47},
	pages={67--73},
	year={2013},
	publisher={Instituto Polit{\'e}cnico Nacional, Centro de Innovaci{\'o}n y Desarrollo Tecnol{\'o}gico en C{\'o}mputo}
}

@article{chica_leal_optimizacion_2015,
	title = {Optimización de la generación de energía en una  {Microrred} aislada},
	author = {Chica Leal, A.D.J. and Trujillo Rodríguez, C.L. and Santamaría Piedrahita, F.},
	month = sep,
	year = {2015}
}

@inproceedings{ramabhotla2014economic,
	title={Economic dispatch optimization of microgrid in islanded mode},
	author={Ramabhotla, Sundari and Bayne, Stephen and Giesselmann, Michael},
	booktitle={Energy and Sustainability Conference (IESC), 2014 International},
	pages={1--5},
	year={2014},
	organization={IEEE}
}

@inproceedings{heredia-ramirez_optimal_2014,
	title={Optimal power flow in electrical microgrids},
	author={Heredia-Ramirez, FA and Rivas-Trujillo, E and Hernandez-Mora, JA},
	booktitle={Central America and Panama Convention (CONCAPAN XXXIV), 2014 IEEE},
	pages={1--6},
	year={2014},
	organization={IEEE}
}

@article{sacco_metropolis_2008,
	author = {Sacco, Wagner and Filho, Hermes and Henderson, Nélio and Oliveira, Cassiano},
	year = {2008},
	month = {05},
	pages = {861-867},
	title = {A Metropolis algorithm combined with Nelder–Mead Simplex applied to nuclear reactor core design},
	volume = {35},
	booktitle = {Annals of Nuclear Energy - ANN NUCL ENERG}
}
@article{jovanovic_cuckoo_2016,
	title={Cuckoo search inspired hybridization of the nelder-mead simplex algorithm applied to optimization of photovoltaic cells},
	author={Jovanovic, Raka and Kais, Sabre and Alharbi, Fahhad H},
	journal={arXiv preprint arXiv:1411.0217},
	year={2014}
}

@inproceedings{koch_hybridization_2009,
	title={On the hybridization of SMS-EMOA and local search for continuous multiobjective optimization},
	author={Koch, Patrick and Kramer, Oliver and Rudolph, G{\"u}nter and Beume, Nicola},
	booktitle={Proceedings of the 11th Annual conference on Genetic and evolutionary computation},
	pages={603--610},
	year={2009},
	organization={ACM}
}
@book{belegundu_optimization_2011,
	title={Optimization concepts and applications in engineering},
	author={Belegundu, Ashok D and Chandrupatla, Tirupathi R},
	year={2011},
	publisher={Cambridge University Press}
}

@book{arora_optimization:_2015,
	title={Optimization: algorithms and applications},
	author={Arora, Rajesh Kumar},
	year={2015},
	publisher={Chapman and Hall/CRC}
}

@book{rao_engineering_2009,
	title={Engineering optimization: theory and practice},
	author={Rao, Singiresu S},
	year={2009},
	publisher={John Wiley \& Sons}
}

@misc{nocedal2006numerical,
  title={Numerical optimization 2nd},
  author={Nocedal, Jorge and Wright, Stephen J},
  year={2006},
  publisher={Springer}
  }
@book{antoniou_practical_2007,
	author = {Antoniou, Andreas and Lu, Wu-Sheng},
	title = {Practical Optimization: Algorithms and Engineering Applications},
	year = {2007},
	isbn = {0387711066, 9780387711065},
	edition = {1ra},
	publisher = {Springer Publishing Company, Incorporated},
} 
@book{tuy_convex_2015,
	title={Convex analysis and global optimization},
	author={Tuy, Hoang and Hoang, Tuy and Hoang, Tuy and Math{\'e}maticien, Vi{\^e}t-nam and Hoang, Tuy and Mathematician, Vietnam},
	year={1998},
	publisher={Springer}
}

@book{dantzig_linear_2016,
	title={Linear programming and extensions},
	author={Dantzig, George},
	year={2016},
	publisher={Princeton university press}
}

@book{gilbert_calculus_2010,
	edition = {2da},
	title = {Calculus},
	isbn = {978-09802327-4-5},
	publisher = {Wellesley-Cambridge Press},
	author = {Gilbert, Strang},
	year = {2010}
}


@book{jean_algebra_2017,
	title = {Algebra, {Topology}, {Differential} {Calculus}, and {Optimization} {Theory} {For} {Computer} {Science} and {Engineering}},
	publisher = {University of Pennsylvania},
	author = {Jean, Gallier and Jocelyn, Quaintance},
	year = {2017}
}

@incollection{soliman_mathematical_2012,
	title={Mathematical Optimization Techniques},
	author={Soliman, Soliman Abdel-Hady and Mantawy, Abdel-Aal Hassan},
	booktitle={Modern Optimization Techniques with Applications in Electric Power Systems},
	pages={23--81},
	year={2012},
	publisher={Springer}
}

@article{nelder_simplex_1965,
	title={A simplex method for function minimization},
	author={Nelder, John A and Mead, Roger},
	journal={The computer journal},
	volume={7},
	number={4},
	pages={308--313},
	year={1965},
	publisher={Oxford University Press}
}

@book{deb_optimization_2004,
	title = {Optimization for {Engineering} {Design}: {Algorithms} and {Examples}},
	isbn = {9788120309432},
	shorttitle = {Optimization for {Engineering} {Design}},
	publisher = {Prentice-Hall of India},
	author = {Deb, Kalyanmoy},
	month = feb,
	year = {2004},
}

@article{spendley_sequential_1962,
	title = {Sequential {Application} of {Simplex} {Designs} in {Optimisation} and {Evolutionary} {Operation}},
	volume = {4},
	issn = {0040-1706},
	number = {4},
	journal = {Technometrics},
	author = {Spendley, W. and Hext, G. R. and Himsworth, F. R.},
	month = nov,
	year = {1962},
	pages = {441--461}
}
@book{blume1994mathematics,
	title={Mathematics for economists},
	author={Simon, Carl P and Blume, Lawrence},
	volume={7},
	year={1994},
	publisher={Norton New York}
}

 @misc{takriti1994ampl,
  title={Ampl: A modeling language for mathematical programming},
  author={Takriti, Samer},
  year={1994},
  publisher={JSTOR}
}
@article{Eiben_evolutionary,
author = {Eiben, A and Smith, Jim},
year = {2015},
month = {05},
pages = {476-82},
title = {From evolutionary computation to the evolution of things},
volume = {521},
booktitle = {Nature}
}
@article{weise2009global,
  title={Global optimization algorithms-theory and application},
  author={Weise, Thomas},
  journal={Self-published},
  volume={2},
  year={2009}
}

@inproceedings{chiam_issues_2006,
	title={Issues of binary representation in evolutionary algorithms},
	author={Chiam, SC and Goh, CK and Tan, KC},
	booktitle={Cybernetics and Intelligent Systems, 2006 IEEE Conference on},
	pages={1--8},
	month = jun,
	year={2006},
	organization={IEEE}
}
@book{michalewicz_genetic_1995,
	author = {Michalewicz, Zbigniew},
	title = {Genetic Algorithms + Data Structures = Evolution Programs},
	year = {1996},
	edition={3ra},
	isbn = {3-540-60676-9},
	publisher = {Springer-Verlag},
	address = {Berlin, Heidelberg},
} 
@inproceedings{okabe_evolutionary_2003,
	title={Evolutionary multi-objective optimisation with a hybrid representation},
	author={Okabe, Tatsuya and Jin, Yaochu and Sendhoff, Bernhard},
	booktitle={Proceedings of Congress on Evolutionary Computation (CEC-2003)},
	pages={2262--2269},
	volume = {4},
	month = dec,
	year={2003}
}

@ARTICLE{Koza94geneticprogramming,
    author = {John R. Koza},
    title = {Genetic programming as a means for programming computers by natural selection},
    journal = {Stat. Comput. (UK},
    year = {1994},
    volume = {4},
    pages = {191--198}
}
@INPROCEEDINGS{Goldberg91acomparative,
    author = {David E. Goldberg and Kalyanmoy Deb},
    title = {A comparative analysis of selection schemes used in genetic algorithms},
    booktitle = {Foundations of Genetic Algorithms},
    year = {1991},
    pages = {69--93},
    publisher = {Morgan Kaufmann}
}
@inproceedings{sarma1997analysis,
  title={An Analysis of Local Selection Algorithms in a Spatially Structured Evolutionary Algorithm.},
  author={Sarma, Jayshree and De Jong, Kenneth A},
  booktitle={ICGA},
  pages={181--187},
  year={1997},
  organization={Citeseer}
}

@inproceedings{Zhong_comparisonof,
	title={Comparison of performance between different selection strategies on simple genetic algorithms},
	author={Zhong, Jinghui and Hu, Xiaomin and Zhang, Jun and Gu, Min},
	booktitle={Computational Intelligence for Modelling, Control and Automation, 2005 and International Conference on Intelligent Agents, Web Technologies and Internet Commerce, International Conference on},
	volume={2},
	pages={1115--1121},
	year={2005},
	organization={IEEE}
}

@book{holland1992adaptation,
  title={Adaptation in natural and artificial systems: an introductory analysis with applications to biology, control, and artificial intelligence},
  author={Holland, John Henry},
  year={1992},
  publisher={MIT press}
}
@article{de1975analysis,
  title={Analysis of the behavior of a class of genetic adaptive systems},
  author={De Jong, Kenneth Alan},
  year={1975}
}
@book{de2006evolutionary,
  title={Evolutionary computation: a unified approach},
  author={De Jong, Kenneth A},
  year={2006},
  publisher={MIT press}
}

@inproceedings{laessig_threshold_2008,
	title = {Threshold selecting: {Best} possible probability distribution for crossover selection in genetic algorithms},
	shorttitle = {Threshold selecting},
	author = {Laessig, Joerg and Heinz Hoffmann, Karl and Enachescu, Mihaela},
	month = jan,
	year = {2008},
	pages = {2181--2186}
}

@book{deb2001multi,
  title={Multi-objective optimization using evolutionary algorithms},
  author={Deb, Kalyanmoy},
  volume={16},
  year={2001},
  publisher={John Wiley \& Sons}
}
@inproceedings{angeline1995adaptive,
  title={Adaptive and self-adaptive evolutionary computations},
  author={Angeline, Peter J},
  booktitle={Computational intelligence: a dynamic systems perspective},
  year={1995},
  organization={Citeseer}
}
@article{eiben2015evolutionary,
  title={From evolutionary computation to the evolution of things},
  author={Eiben, Agoston E and Smith, Jim},
  journal={Nature},
  volume={521},
  number={7553},
  pages={476},
  year={2015},
  publisher={Nature Publishing Group}
}
@article{fogel1993applying,
  title={Applying evolutionary programming to selected traveling salesman problems},
  author={Fogel, David B},
  journal={Cybernetics and systems},
  volume={24},
  number={1},
  pages={27--36},
  year={1993},
  publisher={Taylor \& Francis}
}
@article{rechenberg1973evolution,
  title={Evolution Strategy: Optimization of Technical systems by means of biological evolution},
  author={Rechenberg, Ingo},
  journal={Fromman-Holzboog, Stuttgart},
  volume={104},
  pages={15--16},
  year={1973}
}
@inproceedings{schwefel1995contemporary,
  title={Contemporary evolution strategies},
  author={Schwefel, Hans-Paul and Rudolph, G{\"u}nter},
  booktitle={European conference on artificial life},
  pages={891--907},
  year={1995},
  organization={Springer}
}
@article{storn_differential_1997,
	title={Differential evolution--a simple and efficient heuristic for global optimization over continuous spaces},
	author={Storn, Rainer and Price, Kenneth},
	journal={Journal of global optimization},
	volume={11},
	number={4},
	pages={341--359},
    month = dec,
	year={1997},
	publisher={Springer}
}

@inproceedings{mezura2004simple,
  title={Simple feasibility rules and differential evolution for constrained optimization},
  author={Mezura-Montes, Efr{\'e}n and Coello, Carlos A Coello and Tun-Morales, Edy I},
  booktitle={Mexican International Conference on Artificial Intelligence},
  pages={707--716},
  year={2004},
  organization={Springer}
}
@article{holland1962outline,
  title={Outline for a logical theory of adaptive systems},
  author={Holland, John H},
  journal={Journal of the ACM (JACM)},
  volume={9},
  number={3},
  pages={297--314},
  year={1962},
  publisher={ACM}
}
@techreport{holland1969adaptive,
  title={Adaptative plans optimal for payoff-only environments.},
  author={Holland, John H},
  year={1969},
  institution={Michigan Univ ANN Arbor Logic of Computers Group}
}
@inproceedings{han2000genetic,
  title={Genetic quantum algorithm and its application to combinatorial optimization problem},
  author={Han, Kuk-Hyun and Kim, Jong-Hwan},
  booktitle={Evolutionary Computation, 2000. Proceedings of the 2000 Congress on},
  volume={2},
  pages={1354--1360},
  year={2000},
  organization={IEEE}
}
@incollection{wright1991genetic,
  title={Genetic algorithms for real parameter optimization},
  author={Wright, Alden H},
  booktitle={Foundations of genetic algorithms},
  volume={1},
  pages={205--218},
  year={1991},
  publisher={Elsevier}
}
@article{wang2016double,
  title={Double global optimum genetic algorithm--particle swarm optimization-based welding robot path planning},
  author={Wang, Xuewu and Shi, Yingpan and Ding, Dongyan and Gu, Xingsheng},
  journal={Engineering Optimization},
  volume={48},
  number={2},
  pages={299--316},
  year={2016},
  publisher={Taylor \& Francis}
}

@incollection{nolfi2016evolutionary,
	title={Evolutionary robotics},
	author={Nolfi, Stefano and Bongard, Josh and Husbands, Phil and Floreano, Dario},
	booktitle={Springer Handbook of Robotics},
	pages={2035--2068},
	year={2016},
	publisher={Springer}
}
@article{yildiz2013comparison,
  title={Comparison of evolutionary-based optimization algorithms for structural design optimization},
  author={Yildiz, Ali R},
  journal={Engineering applications of artificial intelligence},
  volume={26},
  number={1},
  pages={327--333},
  year={2013},
  publisher={Elsevier}
}
@book{dasgupta2013evolutionary,
  title={Evolutionary algorithms in engineering applications},
  author={Dasgupta, Dipankar and Michalewicz, Zbigniew},
  year={2013},
  publisher={Springer Science \& Business Media}
}
@book{myszka2004machines,
  title={Machines and mechanisms},
  author={Myszka, David H},
  year={2004},
  publisher={Prentice Hall}
}

@misc{weisstein_euler_nodate,
	type = {Text},
	title = {Euler {Formula}},
	copyright = {Copyright 1999-2018 Wolfram Research, Inc.  See http://mathworld.wolfram.com/about/terms.html for a full terms of use statement.},
	url = {http://mathworld.wolfram.com/EulerFormula.html},
	abstract = {The Euler formula, sometimes also called the Euler identity (e.g., Trott 2004, p. 174), states  e{\textasciicircum}(ix)=cosx+isinx,  (1)   where i is the imaginary unit. Note that Euler's polyhedral formula is sometimes also called the Euler formula, as is the Euler curvature formula. The equivalent expression  ix=ln(cosx+isinx)  (2)   had previously been published by Cotes (1714). The special case of the formula with x=pi gives the beautiful identity  e{\textasciicircum}(ipi)+1=0,  (3)   an equation connecting the...},
	urldate = {2018-02-27},
	author = {Weisstein, Eric W.}
}
@book{shigley1983teoria,
  title={Teor{\'\i}a de m{\'a}quinas y mecanismos},
  author={Shigley, Joseph Edward and Uicker, John Joseph and P{\'e}rez, Jos{\'e} H and de Cont{\'\i}n, Hortensia Corona},
  number={TJ145. S54 1983.},
  year={1983},
  publisher={McGraw-Hill M{\'e}xico;}
}

@article{VegaMEC1,
author = {Vega-Alvarado, Eduardo and Flores, Edgar and Mezura-Montes, Efrén and Flores Pulido, Leticia and Bárbara Calva-Yáñez, Maria},
year = {2016},
month = sep,
pages = {83-90},
title = {A Memetic Algorithm Applied to the Optimal Design of a Planar Mechanism for Trajectory Tracking},
volume = {53},
booktitle = {Polibits}
}
@inproceedings{lasseter2002microgrids,
  title={Microgrids},
  author={Lasseter, Robert H},
  booktitle={Power Engineering Society Winter Meeting, 2002. IEEE},
  volume={1},
  pages={305--308},
  year={2002},
  organization={IEEE}
}
@INPROCEEDINGS{Ramabhotla_Economic_dispatch, 
author={S. Ramabhotla and S. Bayne and M. Giesselmann}, 
booktitle={International Energy and Sustainability Conference 2014}, 
title={Economic dispatch optimization of microgrid in islanded mode}, 
year={2014}, 
volume={}, 
number={}, 
pages={1-5}, 
keywords={cost reduction;distributed power generation;optimisation;power distribution control;power distribution economics;power generation control;power generation dispatch;power generation economics;DER;MATLAB;PCC;controllable loads;cost function minimization;distributed energy resources;energy storage;investment costs;islanded mode;load demand;maintenance cost;microgrid economic dispatch optimization;operation cost;point-of-common coupling;Batteries;Cogeneration;Economics;Generators;Microgrids;Solar energy;Wind energy;Cost Functions;Economic Dispatch;Energy Storage;Microgrid;Reduced Gradient Method;Renewable Energy;Solar Energy;Wind Energy}, 
doi={10.1109/IESC.2014.7061838}, 
ISSN={}, 
month=oct
}

@article{tazvinga2013minimum,
  title={Minimum cost solution of photovoltaic--diesel--battery hybrid power systems for remote consumers},
  author={Tazvinga, Henerica and Xia, Xiaohua and Zhang, Jiangfeng},
  journal={Solar Energy},
  volume={96},
  pages={292--299},
  year={2013},
  publisher={Elsevier}
}
@article{tazvinga2014energy,
  title={Energy dispatch strategy for a photovoltaic--wind--diesel--battery hybrid power system},
  author={Tazvinga, Henerica and Zhu, Bing and Xia, Xiaohua},
  journal={Solar Energy},
  volume={108},
  pages={412--420},
  year={2014},
  publisher={Elsevier}
}

@INPROCEEDINGS{Portilla_Mezura_MEC3, 
author={Á. Sánchez-Márquez and E. Vega-Alvarado and E. A. Portilla-Flores and E. Mezura-Montes}, 
booktitle={2014 11th International Conference on Electrical Engineering, Computing Science and Automatic Control (CCE)}, 
title={Synthesis of a planar four-bar mechanism for position control using the harmony search algorithm}, 
year={2014}, 
volume={}, 
number={}, 
pages={1-6}, 
keywords={control system synthesis;mechanical products;search problems;trajectory control;HS algorithm;combinatorial optimization;harmony search algorithm;metaheuristic optimization technique;musical improvisation process;planar four-bar mechanism synthesis;position control;Algorithm design and analysis;Couplers;Equations;Linear programming;Optimization;Trajectory;Vectors}, 
doi={10.1109/ICEEE.2014.6978286}, 
ISSN={}, 
month=sept
}

@MastersThesis{zapata_zapata_control_2017,
	address = {Xalapa. Veracruz},
	title = {Control de {Parámetros} del {Algoritmo} {Evolución} {Diferencial} con {Variantes} {Combinadas} para la {Solución} de {Problemas} de {Optimización} en {Mecatrónica}},
	school = {Laboratorio Nacional de Informática Avanzada},
	type = {Tesis de {{Maestría}} En {{Computación Aplicada}}},
	author = {Zapata Zapata, Maury Faney},
	year = {2017}
}
@MastersThesis{capistran_2015,
  location = {{Xalapa, Vercacruz}},
  title = {Computo inspirado en la naturaleza para la optimización mono-objetivo de un efector final de tres dedos},
  institution = {{Laboratorio Nacional de Informática Aplicada}},
  type = {Tesis de {{Maestría}} En {{Computación Aplicada}}},
  author = {Capistran Gumersindo, Edith},
  date = {2015},
}
@article{Swagatam_2011,
author = {Das, Swagatam and Suganthan, Ponnuthurai},
year = {2011},
month = {01},
pages = {4-31},
title = {Differential Evolution: A Survey of the State-of-the-Art.},
volume = {15},
booktitle = {IEEE Trans. Evolutionary Computation}
}

@article{wolpert1997no,
  title={No free lunch theorems for optimization},
  author={Wolpert, David H and Macready, William G},
  journal={IEEE transactions on evolutionary computation},
  volume={1},
  number={1},
  pages={67--82},
  year={1997},
  publisher={IEEE}
}
@article{Dragoi_2015,
	title={Parameter control and hybridization techniques in differential evolution: a survey},
	author={Dragoi, Elena-Niculina and Dafinescu, Vlad},
	journal={Artificial Intelligence Review},
	volume={45},
	number={4},
	pages={447--470},
	year={2016},
	publisher={Springer}
}

@article{deb_efficient_1998,
	title={An efficient constraint handling method for genetic algorithms},
	author={Deb, Kalyanmoy},
	journal={Computer methods in applied mechanics and engineering},
	volume={186},
	number={2-4},
	pages={311--338},
	year={2000},
	publisher={Elsevier}
}
@article{han_effect_2006,
	title={Effect of dimensionality on the Nelder--Mead simplex method},
	author={Han, Lixing and Neumann, Michael},
	journal={Optimization Methods and Software},
	volume={21},
	number={1},
	pages={1--16},
	month = feb,
	year={2006},
	publisher={Taylor \& Francis}
}

@inproceedings{neri2008memetic,
  title={On memetic differential evolution frameworks: a study of advantages and limitations in hybridization},
  author={Neri, Ferrante and Tirronen, Ville},
  booktitle={Evolutionary Computation, 2008. CEC 2008.(IEEE World Congress on Computational Intelligence). IEEE Congress on},
  pages={2135--2142},
  year={2008},
  organization={IEEE}
}
@article{liao2010two,
  title={Two hybrid differential evolution algorithms for engineering design optimization},
  author={Liao, T Warren},
  journal={Applied Soft Computing},
  volume={10},
  number={4},
  pages={1188--1199},
  year={2010},
  publisher={Elsevier}
}
@inproceedings{elsayed2011integrated,
  title={Integrated strategies differential evolution algorithm with a local search for constrained optimization},
  author={Elsayed, Saber M and Sarker, Ruhul A and Essam, Daryl L},
  booktitle={Evolutionary Computation (CEC), 2011 IEEE Congress on},
  pages={2618--2625},
  year={2011},
  organization={IEEE}
}
@inproceedings{rogalsky2000hybridization,
  title={Hybridization of differential evolution for aerodynamic design},
  author={Rogalsky, T and Derksen, RW},
  booktitle={Proceedings of the 8th annual conference of the computational fluid dynamics society of Canada},
  pages={729--736},
  year={2000}
}
@article{wang2011parameter,
  title={Parameter identification of chaotic systems by hybrid Nelder--Mead simplex search and differential evolution algorithm},
  author={Wang, Ling and Xu, Ye and Li, Lingpo},
  journal={Expert Systems with Applications},
  volume={38},
  number={4},
  pages={3238--3245},
  year={2011},
  publisher={Elsevier}
}
@inproceedings{Singer2018,
	title={Complexity analysis of Nelder-Mead search iterations},
	author={Singer, Sanja and Singer, Sa{\v{s}}a},
	booktitle={Proceedings of the 1. Conference on Applied Mathematics and Computation, Dubrovnik, Croatia},
	pages={185--196},
	year={1999},
	organization={PMF--Matemati{\v{c}}ki odjel, Zagreb}
}

@inproceedings{raidl2006unified,
  title={A unified view on hybrid metaheuristics},
  author={Raidl, G{\"u}nther R},
  booktitle={International Workshop on Hybrid Metaheuristics},
  pages={1--12},
  year={2006},
  organization={Springer}
}
@article{krasnogor2005tutorial,
  title={A tutorial for competent memetic algorithms: model, taxonomy, and design issues},
  author={Krasnogor, Natalio and Smith, James},
  journal={IEEE Transactions on Evolutionary Computation},
  volume={9},
  number={5},
  pages={474--488},
  year={2005},
  publisher={IEEE}
}
@inproceedings{BartzBeielstein2014ExperimentalAO,
  title={Experimental Analysis of Optimization Algorithms: Tuning and Beyond},
  author={Thomas Bartz-Beielstein and Mike Preuss},
  booktitle={Theory and Principled Methods for the Design of Metaheuristics},
  year={2014}
}
@incollection{Lowry2004,
  author      = "Lowry, Richard",
  title       = "A First Glance at the Question of Statistical Significance",
  booktitle   = "Concepts and Applications of Inferential Statistics",
  year        =  2014,
  chapter     = 4,
}

@article{derrac2011practical,
  title={A practical tutorial on the use of nonparametric statistical tests as a methodology for comparing evolutionary and swarm intelligence algorithms},
  author={Derrac, Joaqu{\'\i}n and Garc{\'\i}a, Salvador and Molina, Daniel and Herrera, Francisco},
  journal={Swarm and Evolutionary Computation},
  volume={1},
  number={1},
  pages={3--18},
  year={2011},
  publisher={Elsevier}
}

@inproceedings{tanabe2014improving,
	title={Improving the search performance of SHADE using linear population size reduction},
	author={Tanabe, Ryoji and Fukunaga, Alex S},
	booktitle={Evolutionary Computation (CEC), 2014 IEEE Congress on},
	pages={1658--1665},
	year={2014},
	organization={IEEE}
}
